<record><leader>00000cas a22000007a 4500</leader><controlfield tag="001">17565021</controlfield><controlfield tag="008">880302d19471950lauwr ne      0    0eng d</controlfield><datafield ind1=" " ind2=" " tag="010"><subfield code="a">sn 88064208 </subfield></datafield><datafield ind1=" " ind2=" " tag="040"><subfield code="a">LNP</subfield><subfield code="b">eng</subfield><subfield code="c">LNP</subfield><subfield code="d">OCLCQ</subfield></datafield><datafield ind1=" " ind2=" " tag="042"><subfield code="a">msc</subfield></datafield><datafield ind1="0" ind2=" " tag="130"><subfield code="a">Southwest news (Lake Charles, La.)</subfield></datafield><datafield ind1="1" ind2="4" tag="245"><subfield code="a">The Southwest news.</subfield></datafield><datafield ind1="3" ind2="0" tag="246"><subfield code="a">Southwest news picture magazine</subfield></datafield><datafield ind1=" " ind2=" " tag="260"><subfield code="a">Lake Charles, La. :</subfield><subfield code="b">Southwest Pub. Co.</subfield></datafield><datafield ind1=" " ind2=" " tag="310"><subfield code="a">Weekly</subfield></datafield><datafield ind1="0" ind2=" " tag="362"><subfield code="a">Vol. 1, no. 1 (Aug. 17, 1947)-v. 4, no. 53 (Dec. 29, 1950).</subfield></datafield><datafield ind1=" " ind2=" " tag="500"><subfield code="a">"Your picture newspaper."</subfield></datafield><datafield ind1=" " ind2=" " tag="500"><subfield code="a">Title varies slightly: The Southwest news picture magazine, Sept. 18, 1949-Apr. 30, 1950.</subfield></datafield><datafield ind1=" " ind2=" " tag="752"><subfield code="a">United States</subfield><subfield code="b">Louisiana</subfield><subfield code="c">Calcasieu</subfield><subfield code="d">Lake Charles.</subfield></datafield><datafield ind1="0" ind2="4" tag="785"><subfield code="t">Southwest citizen</subfield><subfield code="g">Jan. 7, 1951</subfield><subfield code="w">(DLC)sn 88064489</subfield></datafield></record>